<record><leader>00000cas a22000007a 4500</leader><controlfield tag="001">14509632</controlfield><controlfield tag="008">861023d18301831pauwr ne      0    0eng d</controlfield><datafield ind1=" " ind2=" " tag="010"><subfield code="a">sn 86081902 </subfield></datafield><datafield ind1=" " ind2=" " tag="040"><subfield code="a">NPH</subfield><subfield code="b">eng</subfield><subfield code="c">NPH</subfield><subfield code="d">CNK</subfield><subfield code="d">OCLCQ</subfield></datafield><datafield ind1=" " ind2=" " tag="042"><subfield code="a">msc</subfield></datafield><datafield ind1="0" ind2="0" tag="245"><subfield code="a">Huntingdon courier, and Anti-Masonic Republican.</subfield></datafield><datafield ind1="3" ind2="0" tag="246"><subfield code="a">Courier &amp; Republican</subfield></datafield><datafield ind1="3" ind2="0" tag="246"><subfield code="a">Courier and Republican</subfield></datafield><datafield ind1="1" ind2="7" tag="246"><subfield code="a">Courier and Anti-Masonic Republican</subfield></datafield><datafield ind1=" " ind2=" " tag="260"><subfield code="a">Huntingdon, Pa. :</subfield><subfield code="b">H.L. M'Connell</subfield></datafield><datafield ind1=" " ind2=" " tag="300"><subfield code="a">v. ;</subfield><subfield code="c">50 cm.</subfield></datafield><datafield ind1=" " ind2=" " tag="310"><subfield code="a">Weekly</subfield></datafield><datafield ind1="1" ind2=" " tag="362"><subfield code="a">Began with June 2, 1830 issue.</subfield><subfield code="z">Cf. Rossell, G. Pa. newspapers.</subfield></datafield><datafield ind1="1" ind2=" " tag="362"><subfield code="a">Ceased in 1831.</subfield></datafield><datafield ind1=" " ind2=" " tag="588"><subfield code="a">Description based on: Vol. 1, no. 2 (June 9, 1830).</subfield></datafield><datafield ind1=" " ind2=" " tag="752"><subfield code="a">United States</subfield><subfield code="b">Pennsylvania</subfield><subfield code="c">Huntingdon</subfield><subfield code="d">Huntingdon.</subfield></datafield><datafield ind1="0" ind2="0" tag="785"><subfield code="t">Huntingdon courier</subfield><subfield code="w">(DLC)sn 86083210</subfield></datafield></record>